 @Article{Chalmers,
    title = {{mirt}: A Multidimensional Item Response Theory Package for the {R} Environment},
    author = {R. Philip Chalmers},
    journal = {Journal of Statistical Software},
    year = {2012},
    volume = {48},
    number = {6},
    pages = {1--29},
    doi = {10.18637/jss.v048.i06},
  }
  
 @Manual{Debeer,
    title = {scDIFtest: Item-Wise Score-Based DIF tests},
    author = {Dries Debeer},
    year = {2020},
    note = {R package version 0.1.0-01},
  }

@article{DeMars,
author = {Christine E. DeMars},
title ={Type I Error Inflation for Detecting DIF in the Presence of Impact},
journal = {Educational and Psychological Measurement},
volume = {70},
number = {6},
pages = {961-972},
year = {2010},
doi = {10.1177/0013164410366691},    
}

@article{Merkle2013,
  title={Tests of measurement invariance without subgroups: A generalization of classical methods},
  author={Merkle, Edgar C and Zeileis, Achim},
  journal={Psychometrika},
  volume={78},
  number={1},
  pages={59--82},
  year={2013},
  publisher={Springer}
}

@article{Merkle2014,
  title={Testing for measurement invariance with respect to an ordinal variable},
  author={Merkle, Edgar C and Fan, Jinyan and Zeileis, Achim},
  journal={Psychometrika},
  volume={79},
  number={4},
  pages={569--584},
  year={2014},
  publisher={Springer}
}

@Book{Spisa,
    title = {Allgemeinbildung in Deutschland - Erkenntnisse aus
      dem {SPIEGEL} Studentenpisa-Test},
    editor = {Sabine Trepte and Markus Verbeet},
    year = {2010},
    publisher = {VS Verlag},
    address = {Wiesbaden},
  }
  
@article{Yoav,
 ISSN = {00359246},
 author = {Yoav Benjamini and Yosef Hochberg},
 journal = {Journal of the Royal Statistical Society. Series B (Methodological)},
 number = {1},
 pages = {289--300},
 publisher = {[Royal Statistical Society, Wiley]},
 title = {Controlling the False Discovery Rate: A Practical and Powerful Approach to Multiple Testing},
 volume = {57},
 year = {1995}
}

@article{Zeileis,
   author = {Achim Zeileis and Friedrich Leisch and Kurt Hornik and Christian Kleiber},
   title = {strucchange: An R Package for Testing for Structural Change in Linear Regression Models},
   journal = {Journal of Statistical Software, Articles},
   volume = {7},
   number = {2},
   year = {2002},
     pages = {1--38},
   doi = {10.18637/jss.v007.i02},
   url = {https://www.jstatsoft.org/v007/i02}
}
